@online{ROTEX,
  author  = {{ROTEX Vysočina s.r.o}},
  title   = {Webové stránky firmy ROTEX Vysočina},
  url     = {https://www.rotexvysocina.cz},
  urldate = {2021-6-8}
}

@online{PL_BOARD,
  author  = {{Jakub Andrýsek}},
  title   = {Návrh a zdrojový kód senzorů},
  url     = {https://github.com/Pletacka-IoT/Pletacka-board},
  urldate = {2021-6-10}
}

@online{PL_WEB,
  author  = {{Jakub Andrýsek}},
  title   = {Zdrojový kód webového serveru},
  url     = {https://github.com/Pletacka-IoT/Pletacka-website},
  urldate = {2021-6-12}
}


@online{PL_PY,
  author  = {{Jakub Andrýsek}},
  title   = {Zdrojový kód podpůrného serveru},
  url     = {https://github.com/Pletacka-IoT/Pletacka-python-server},
  urldate = {2021-6-12}
}